2752 4546
104 341 128 405 1,
138 340 162 406 2,
175 340 286 394 20-41.
305 337 339 398 Π,
353 340 455 402 1,1,—7
550 336 759 390 AVLVLARIA

104 506 257 572 Profecto
279 504 313 569 in
335 503 425 570 aedis
444 507 532 582 mees
553 523 604 568 me
626 508 761 584 apsente
782 503 941 568 neminem

105 588 187 654 Volo
209 586 393 652 intromitti.
435 592 533 666 atque
555 585 652 651 etiam
673 588 734 651 hoo
755 586 906 668 praediee
928 586 998 664 tibi,

104 671 141 737 Si
160 671 254 736 Bena
274 669 424 734 Fortuna
444 669 565 747 ueniat,
585 687 625 733 ne
646 669 869 733 intromiseris,
1199 693 1248 745 100

104 754 171 819 Sta.
193 752 254 817 Pol
276 771 316 817 ea
336 753 409 833 ipsa
430 752 526 816 eredo
548 770 588 816 ne
610 751 848 816 intromittatur
869 756 977 816 canet:

104 837 188 901 Nam
210 835 253 900 ad
273 834 362 900 aedis
383 839 513 899 nostras
527 836 686 914 nusquam
701 834 783 899 adiit
798 838 991 914 quamquem
1005 852 1105 915 prope
1121 839 1179 899 est.

105 918 185 982 Eae.
226 918 312 982 Tace
348 921 446 996 etque
478 916 533 982 abi
568 915 663 981 intro.
713 915 779 980 Sta.
814 918 920 981 'Pereo
956 922 1055 997 atque
1090 919 1179 982 abeo

440 999 519 1063 Fato.
541 998 682 1064 Occlude
704 1000 749 1063 sis

103 1083 208 1149 Fores
230 1083 386 1148 ambobus
408 1081 556 1163 pessulis.
599 1081 663 1145 iam
685 1100 744 1164 ego
766 1083 819 1146 hio
841 1100 906 1147 ero.

102 1165 294 1231 Discrucior
317 1163 425 1242 animi,
447 1165 523 1243 quia
545 1164 585 1228 ab
608 1163 699 1227 domo
721 1163 938 1228 abeunddmst
958 1163 1045 1228 mihi.
1199 1179 1247 1233 105

103 1248 209 1313 Nimis
229 1247 339 1312 herele
359 1246 483 1312 inuitus
505 1247 598 1312 ebeo:
621 1246 678 1309 sed
700 1245 777 1326 quid
799 1250 895 1328 agam
916 1245 990 1310 seio.

99 1331 187 1395 ¹Nam
204 1333 316 1395 nester
337 1334 469 1394 nostrae
491 1330 580 1409 quist
600 1328 757 1410 magister
777 1328 887 1394 euriae

102 1413 261 1478 Diuidere
282 1411 413 1494 argenti
434 1411 518 1476 dixit
539 1430 683 1475 nummos
704 1413 738 1475 in
761 1412 860 1476 uiros:

102 1496 143 1560 Id
165 1497 193 1560 si
215 1494 362 1574 relinquo
384 1514 423 1560 ae
444 1497 508 1558 nen
529 1498 614 1574 peto,
635 1511 745 1558 onmes
763 1495 838 1558 ilico

102 1579 157 1643 Me
179 1577 393 1658 suspieentur,
416 1577 518 1655 eredo,
539 1577 661 1641 habere
680 1578 795 1640 aurum
816 1577 909 1660 domi.

101 1660 186 1727 Nam
208 1663 273 1725 non
295 1664 346 1724 est
367 1659 438 1724 ueri
459 1658 563 1724 simile
584 1659 751 1722 homonem
772 1661 948 1740 pauperem

102 1742 290 1808 Pauxillnm
312 1742 407 1823 parui
428 1743 536 1807 iecere
559 1740 637 1821 quin
657 1743 820 1806 nummum
835 1747 943 1823 petat.

101 1826 185 1891 Nam
206 1826 293 1890 nimo
315 1844 409 1904 quom
432 1825 500 1890 eelo
522 1824 633 1888 sedulo
656 1822 766 1902 omnis,
788 1828 828 1888 ne
850 1825 964 1906 sciant,

101 1908 222 1974 Omnes
244 1907 397 1972 uidentur
418 1909 501 1972 seire
523 1911 557 1971 et
578 1925 628 1970 me
650 1907 822 1989 benignius

101 1990 222 2056 Omnes
243 1989 390 2055 salutant
411 1994 506 2070 quem
528 1989 718 2054 salutabant
740 1990 838 2068 prius.

101 2073 243 2150 Adeunt,
265 2072 456 2151 consistunt,
478 2071 673 2153 repulantur
694 2071 860 2137 dexteras:

101 2154 263 2238 Rogitent
284 2174 342 2234 me,
364 2160 401 2220 ut
420 2156 557 2234 ualeam,
584 2154 661 2234 quid
683 2172 786 2236 agam,
810 2155 887 2234 quid
908 2157 1015 2219 rerum
1038 2174 1158 2236 geram.
1188 2233 1190 2237 Α

101 2239 197 2303 Nune
219 2240 281 2317 que
302 2238 468 2318 profectus
490 2256 560 2303 sum
581 2238 646 2301 ibo:
668 2236 816 2316 postidea
837 2238 964 2301 domum

101 2321 156 2386 Me
177 2322 307 2384 rursum
329 2325 486 2400 quantum
506 2323 619 2400 petere
641 2323 770 2384 tantum
791 2320 952 2402 recipiam.

537 2457 744 2464 .-——.-....-..

375 2526 589 2583 EVNOMIA.
632 2526 902 2582 MEGADORVS
1102 2518 1138 2581 Π
1162 2525 1176 2582 1

102 2635 187 2700 Euo.
208 2635 313 2699 Velim
333 2639 368 2699 te
390 2634 547 2700 arbitreri
568 2637 640 2699 med
662 2637 742 2701 haee
764 2636 875 2713 uerba,
897 2632 1008 2711 freter,
1199 2651 1249 2703 120

102 2717 192 2783 Meei
212 2716 287 2782 fidei
308 2717 443 2797 tueique
463 2717 511 2781 rei

103 2801 213 2865 Cause
233 2799 351 2882 faeere,
372 2806 410 2864 ut
431 2803 598 2880 aequomst
619 2804 807 2882 germanam
830 2801 981 2865 sorerem.

103 2883 307 3030 §numquam
328 2883 416 2948 haud
437 2883 523 2948 falsa
545 2885 615 2947 siun
636 2901 694 2947 nos
717 2883 844 2946 odiesas
866 2882 991 2946 haberi:

136 2983 188 3030 am
208 2965 344 3030 multum
364 2966 515 3045 loquaces
537 2965 652 3030 merito
675 2969 784 3030 onmes
806 2965 962 3029 habemur

103 3047 173 3113 Neo
193 3047 294 3112 dllam
314 3047 460 3128 profecto
482 3051 646 3128 repertam
668 3067 739 3112 esse
761 3049 883 3111 mutam
1200 3051 1248 3103 125

105 3129 158 3217 [In
179 3132 269 3195 terra
290 3129 442 3216 unquam]
465 3132 578 3195 dieunt
599 3131 765 3195 mulierem
787 3130 852 3194 ullo
874 3129 909 3193 in
931 3127 1045 3193 saeolo.

171 3296 229 3349 102.
248 3298 290 3350 est
303 3313 353 3349 om.
367 3297 432 3348 libri
438 3303 553 3362 praeter
564 3297 597 3351 B.
618 3298 674 3350 105.
689 3297 774 3364 Guyet
782 3295 1013 3362 praepositionem
1026 3293 1062 3347 ab
1073 3293 1185 3362 delebat,

106 3378 184 3430 quem
205 3366 289 3416 secuti
310 3371 374 3416 sunt
395 3363 539 3416 Abrohom
561 3366 633 3420 stud.
652 3364 745 3419 Plani.
764 3381 793 3430 p.
813 3363 862 3417 198
884 3369 909 3414 et
926 3363 1012 3414 Beier
1034 3363 1066 3413 de
1090 3361 1186 3414 Plauti

104 3430 269 3496 fabularum
294 3433 494 3484 recensionibus
514 3449 541 3498 p.
559 3434 602 3496 47,
629 3433 677 3484 sed
698 3433 835 3484 servanda
862 3432 977 3494 videtur,
1019 3432 1065 3481 uia
1087 3429 1184 3482 Euclio

106 3499 260 3564 aedificium
281 3501 372 3566 aprum
395 3500 530 3564 inredepu.
590 3501 646 3554 106.
670 3500 717 3553 sed
736 3499 804 3567 quid
823 3498 850 3562 J;
874 3498 966 3565 siquid
988 3497 1011 3549 B
1038 3497 1069 3550 Ε.
1127 3500 1184 3549 111.

106 3566 256 3620 homonem
275 3567 297 3617 S
313 3568 387 3634 enpel
408 3567 438 3618 T.
457 3567 541 3620 Mure.
560 3566 603 3619 Pl.
616 3584 646 3633 p.
665 3568 727 3630 223;
747 3566 889 3620 hominem
906 3567 978 3617 libri.
1039 3566 1095 3616 112.
1115 3565 1183 3632 quin

106 3632 174 3696 JE³3
195 3632 284 3700 quiB
312 3634 357 3688 E1.
410 3635 466 3688 118.
485 3634 614 3702 postidea
634 3635 825 3699 Camerarius,-
865 3636 909 3686 ost
925 3632 1084 3685 idemlibri.
1125 3632 1181 3684 120.

107 3701 173 3754 med
191 3704 292 3769 Guyet;
308 3719 353 3756 me
362 3703 433 3754 dori.
478 3704 534 3754 121.
553 3702 625 3755 meai
637 3702 702 3756 fidei
714 3701 829 3769 tuaique
865 3703 917 3751 eie·
934 3714 1013 3752 meae
1025 3698 1090 3752 fidei
1102 3701 1181 3769 tuae-¹

106 3784 163 3835 que
184 3769 265 3837 dori,-
292 3770 334 3824 rei
357 3769 439 3836 Piuo;
462 3769 504 3822 rei
526 3774 595 3823 haee
618 3771 691 3823 libri.
749 3771 805 3823 125.
832 3770 870 3820 oie
896 3744 951 3820 lieo
974 3767 1099 3831 emporia
1125 3765 1183 3819 Neo

106 3838 214 3889 mutam
235 3836 358 3906 profecto
381 3839 522 3906 repertam
545 3837 633 3890 ullam
654 3854 713 3892 esse
730 3838 802 3889 libri.
844 3836 900 3888 126.
919 3836 949 3888 in
967 3837 1041 3889 terra
1058 3849 1182 3900 unquam

107 3904 170 3956 add.
188 3920 252 3972 epo;
269 3922 319 3959 om.
333 3905 413 3966 liora
432 3905 529 3958 dieunt
548 3921 609 3972 09⁰5
627 3906 710 3959 hodie
730 3905 828 3958 dieunt
846 3904 926 3967 liora·
947 3903 1029 3955 hodie
1041 3917 1113 3953 aona
1124 3918 1182 3953 sen-

106 3976 191 4024 tentio
219 3979 302 4035 caret,
331 3989 427 4026 versus
453 3980 543 4025 aurem
565 3974 632 4039 quin
655 3974 740 4037 fuerit
766 3978 919 4024 tetrameter
936 3970 1107 4033 acataleetus,
1134 3971 1183 4022 du-

106 4038 192 4092 bitari
207 4041 256 4092 vix
269 4046 365 4106 potest.
