2752 4546
467 1081 847 1160 PRAEFATIO.

617 1256 720 1263 —-—

199 1362 239 1426 In
258 1360 383 1426 edenda
404 1359 579 1425 Aulularia
600 1360 757 1426 Plautina
779 1359 938 1440 imprimis
953 1360 1014 1424 hoc
1026 1359 1197 1426 consilium

118 1450 249 1509 secutus
280 1463 359 1522 sum,
392 1447 430 1507 ut
455 1441 660 1508 auditoribus
690 1442 724 1508 in
750 1442 1000 1524 interpretanda
1032 1443 1197 1510 comoedia

117 1528 221 1592 verba
249 1525 322 1606 ipsa
351 1530 467 1606 poetae
494 1525 610 1590 omisso
641 1544 757 1608 magno
787 1530 948 1608 apparatu
974 1523 1088 1590 critico
1118 1531 1196 1591 ante

117 1609 226 1672 oculos
246 1626 406 1688 ponerem,
433 1606 497 1672 nisi
519 1607 603 1688 quod
625 1607 817 1688 ubicumque
839 1627 860 1673 a
882 1606 1046 1672 codicibus
1067 1609 1197 1687 recessi,

118 1695 152 1754 et
178 1690 334 1756 traditam
360 1689 557 1771 scripturam
587 1695 621 1756 et
645 1708 761 1756 nomen
790 1690 860 1755 eius
889 1689 955 1757 uiri
983 1689 1078 1769 docti,
1103 1690 1196 1756 ouius
1233 1702 1234 1705 ’

117 1772 373 1839 emendationem
403 1772 623 1854 recipiendam
654 1775 819 1854 putabam,
854 1770 1033 1853 subscripsi
1069 1773 1196 1839 omissis

115 1861 226 1920 tamen
257 1855 447 1937 plerumque
472 1855 598 1936 apertis
624 1855 789 1921 scribendi
816 1854 982 1921 erroribus
1011 1860 1045 1920 et
1075 1855 1196 1923 discre-

115 1939 240 2019 pantiis
260 1937 394 2004 minutis
416 1938 687 2021 orthographicis,
708 1956 773 2004 non
785 1938 870 2019 quod
891 1937 974 2003 talia
988 1937 1115 2004 omnino
1130 1957 1195 2005 non

119 2020 264 2086 curanda
273 2026 432 2102 putarem,
448 2020 506 2086 sed
521 2021 598 2101 quia
609 2022 691 2086 haec
706 2020 813 2086 omnia
827 2021 870 2086 ad
884 2025 1072 2087 accuratam
1087 2021 1196 2104 cogni·
1264 2096 1266 2101 ,

116 2103 238 2168 tionem
260 2109 293 2169 et
314 2104 550 2169 comoediarum
570 2103 800 2170 Plautinarum
822 2109 856 2169 et
876 2103 1111 2186 grammaticae
1132 2105 1196 2171 La·

115 2186 205 2252 tinae
231 2186 417 2252 necessaria
439 2186 573 2269 egregia
595 2186 751 2252 Goetzii
773 2205 872 2267 opera
896 2190 1015 2267 parata
1029 2186 1195 2253 habemus.

114 2268 154 2333 In
176 2268 357 2334 scribendis
386 2268 691 2351 praepositionibus,
721 2288 902 2350 quaecum
930 2267 1114 2335 nominibus
1136 2276 1195 2335 aut

115 2351 226 2417 verbis
241 2351 433 2418 coniunctae
447 2357 532 2431 sunt,
547 2352 581 2417 in
597 2352 786 2420 universum
802 2371 873 2418 eam
886 2351 1047 2417 rationem
1062 2357 1195 2418 secutus

117 2451 196 2513 sum,
218 2453 315 2515 quarn
330 2435 567 2502 commendavit
580 2435 728 2500 Dorsch
748 2435 783 2500 in
805 2434 916 2501 libello
932 2433 988 2515 qui
999 2434 1192 2501 inscribitur

115 2505 353 2582 tAssimilation
367 2517 402 2582 in
416 2517 479 2584 den
488 2517 683 2598 Compositis
697 2517 751 2583 bei
764 2517 904 2583 Plautus
918 2516 985 2582 und
1000 2509 1192 2593 Terentius',

116 2604 261 2664 ceterum
282 2619 341 2681 pro
362 2599 572 2666 fundamento
594 2599 659 2665 fuit
680 2599 768 2680 mihi,
794 2604 831 2665 ut
852 2618 913 2681 par
934 2603 1016 2680 erat,
1038 2599 1192 2665 Goetzii

116 2680 215 2746 editio
241 2700 366 2747 summa
394 2687 428 2747 et
456 2682 631 2764 prudentia
664 2688 698 2748 et
727 2681 968 2748 considerantia
1005 2686 1039 2746 et
1067 2681 1192 2764 ingenii

115 2762 185 2829 acie
200 2770 327 2846 parata,
348 2785 368 2832 a
383 2784 447 2846 qua
461 2765 490 2830 si
504 2785 633 2831 menon
647 2771 753 2832 totum
767 2765 960 2847 pependisse
974 2763 1193 2832 iudicaverint

114 2845 186 2926 viri,
217 2866 323 2995 ἕθὲθῗ)
355 2867 435 2929 quos
471 2848 652 2914 studiorum
683 2848 912 2915 Plautinorum
946 2846 1102 2912 iudicium
1131 2852 1192 2923 est,

114 2930 196 2994 satis
240 2948 352 2996 aco.

180 3078 303 3160 Scripsi
325 3079 518 3145 Monasterii
540 3079 786 3146 Guestfalorum
807 3097 917 3144 mense
938 3077 1048 3161 Aprili
1067 3078 1145 3144 anni

451 3162 780 3228 MDCOCLXXXIX

860 3310 903 3379 P.
925 3311 1108 3394 Langen.
