2752 4546
380 373 382 377 .
441 323 668 380 TESTIMONIA
685 326 864 390 VE'PERUM
1149 287 1211 395 41*
1256 297 1258 300 Ι

80 566 83 574 ,
156 493 334 574 Postquam
356 499 407 559 est
428 500 563 560 mortem
586 495 854 582 aptusPlautus,
876 493 1039 561 comoedia
1060 493 1152 576 luget

156 576 483 661 Scaenadesertff),
506 578 579 642 dein
601 577 699 642 Risus
721 578 834 644 Ludus
855 579 878 644 J
880 587 1019 659 ocusque

157 660 201 723 Et
223 660 356 724 Numeri
377 659 539 726 innumeri
559 659 654 725 simul
678 679 787 726 omnes
809 661 1092 727 conlacrimarunt.

114 742 190 806 Gall.
216 756 294 808 noct.
318 744 414 815 Artr‘c
436 745 510 820 HI,
530 744 561 819 3,
583 746 602 805 1
621 767 711 828 seqq:
742 744 864 809 Verum
900 763 970 810 esse
1005 738 1191 834 comperior,
1310 770 1311 777 1

197 824 282 904 quod
305 826 460 905 quosdam
480 825 563 890 bene
581 825 747 891 litteratos
769 827 914 893 homines
943 826 1051 891 dicere
1072 822 1192 900 audrvl,

198 908 253 986 qui
283 909 455 988 plerasque
481 908 594 973 Plauti
627 908 808 974 comoedias
839 909 965 975 curiose
992 913 1192 1000 1111111011-

198 994 288 1055 tente
309 991 510 1069 lectitarunt,
532 1010 597 1056 non
611 989 773 1056 indicibus
787 992 876 1057 Aelii
897 1011 957 1057 nec
973 990 1111 1072 Sedigiti
1133 1005 1192 1082 1111

198 1072 326 1137 Claudii
355 1092 414 1138 nec
436 1073 564 1139 Aurelii
592 1093 652 1139 nec
673 1073 767 1138 Accii
791 1093 852 1139 nec
871 1074 1000 1140 Manilii
1022 1089 1120 1152 super
1132 1071 1192 1164 ’bis'

198 1155 328 1234 fabulis,
350 1175 432 1236 quae
455 1156 609 1221 dicuntur
624 1156 804 1238 ambiguae,
827 1157 1035 1234 crediturum,
1057 1153 1115 1219 sed
1128 1171 1192 1233 ipsi

198 1239 316 1302 Plauto
338 1239 544 1319 moribusque
571 1238 696 1322 ingenii
723 1243 821 1318 atque
846 1239 979 1322 linguae
1001 1239 1077 1304 eius.
1120 1235 1193 1301 Hac

200 1320 284 1384 enim
306 1320 418 1386 iudicii
439 1340 552 1387 norma
573 1322 755 1386 Varronem
776 1341 902 1402 quoque
924 1341 1017 1388 usum
1036 1320 1191 1412 videmus.

196 1403 279 1468 Nam
300 1409 433 1484 praeter
454 1404 529 1469 illas
551 1423 649 1470 unam
671 1409 705 1469 et
718 1404 846 1486 viginti,
868 1424 951 1485 quae
967 1405 1193 1495 Varromanae

199 1492 368 1564 vocantur,
396 1506 477 1567 quas
497 1486 618 1552 idcirco
641 1506 661 1551 a
683 1487 801 1551 ceteris
824 1487 1020 1570 segregavit,
1043 1502 1193 1566 quomam

198 1568 353 1632 dubiosae
375 1588 438 1634 non
461 1574 565 1648 erant,
588 1568 645 1634 sed
667 1587 825 1634 consensu
841 1570 980 1635 omnium
994 1570 1107 1634 Plauti
1123 1585 1193 1634 esse

198 1653 423 1728 censebantur,
435 1653 592 1732 quasdam
601 1652 680 1717 item
695 1652 778 1733 alias
792 1652 946 1733 probavit
964 1653 1124 1718 adductus
1139 1650 1193 1716 filo

199 1738 297 1813 atque
318 1733 441 1799 facetia
463 1733 619 1800 sermonis
632 1735 751 1800 Plauto
768 1735 978 1818 congruentis
993 1754 1112 1816 easque
1128 1733 1193 1799 iam

198 1815 380 1882 nominibus
396 1817 534 1882 aliorum
549 1821 725 1898 occupatas
745 1818 865 1882 Plauto
882 1817 1074 1898 vindicavit,
1096 1817 1193 1882 sicuti

193 1898 301 2044 {stam
338 1918 434 1980 quam
464 1900 650 1982 nuperrime
675 1901 873 1983 legebamus,
910 1901 962 1965 cui
994 1906 1046 1967 est
1078 1918 1193 1965 nomen

222 1981 354 2047 oeotiae.

114 2062 192 2126 Gall.
221 2078 298 2127 aocr.
326 2065 424 2128 Attia
454 2066 522 2144 III,
544 2067 574 2143 3,
597 2066 639 2127 10
660 2089 692 2128 se
784 2066 824 2129 In
850 2066 961 2130 eodem
995 2066 1080 2131 libro
1111 2066 1193 2130 Var-

193 2146 282 2211 ronis
302 2146 338 2211 id
357 2166 483 2228 quoque
506 2148 671 2228 scriptum,
695 2089 863 2242 1111111111
884 2147 987 2213 fuisse
1010 2148 1192 2242 quempiam

201 2235 329 2309 poetam
344 2231 589 2296 comoediarum.
619 2231 779 2313 Quoniam
793 2230 926 2296 fabulae
942 2231 1057 2314 eae**)
1079 2231 1192 2295 Plauti

197 2311 375 2393 inscriptae
397 2312 515 2391 forent,
536 2320 689 2394 acceptas
711 2332 782 2378 esse
802 2313 896 2393 quasi
917 2313 1097 2392 Plautinas,
1120 2332 1192 2378 cum

198 2399 307 2457 essent
331 2414 395 2460 non
425 2415 445 2460 a
466 2397 586 2461 Plauto
608 2396 790 2474 Plautinae,
822 2397 879 2461 sed
900 2417 921 2462 a
941 2396 1073 2462 Plautio
1094 2396 1193 2461 Plau-

198 2474 318 2541 tianae.
354 2478 523 2543 Feruntur
538 2484 647 2543 autem
662 2481 723 2544 sub
739 2479 850 2543 Plauti
865 2479 994 2544 nomine
1009 2478 1191 2544 comoediae

198 2558 329 2624 circiter
356 2565 486 2626 centum
508 2566 608 2641 atque
629 2561 782 2644 triginta,
810 2560 868 2626 sed
889 2562 982 2626 homo
1012 2561 1192 2626 eruditissi-

197 2660 267 2706 mus
300 2643 336 2707 L.
360 2643 475 2708 Aelius
504 2645 646 2724 quinque
680 2651 714 2709 et
745 2643 865 2726 viginti
901 2644 971 2709 eius
1005 2663 1076 2709 esse
1105 2645 1192 2709 solas

197 2724 406 2792 existimavit.
455 2726 568 2807 Neque
598 2731 708 2792 tamen
736 2726 869 2792 dubium
892 2732 951 2804 est,
980 2726 1058 2807 quin
1080 2726 1191 2806 istaec,

197 2824 280 2885 quae
301 2809 445 2889 scriptae
466 2828 487 2874 a
508 2809 627 2875 Pladto
649 2829 713 2875 non
734 2809 888 2876 videntur
915 2815 949 2874 et
970 2809 1091 2874 nomini
1121 2809 1191 2874 eius

196 2888 401 2970 addicuntur,
422 2896 570 2957 veterum
585 2899 754 2974 poetarum
768 2890 893 2957 fuerint
908 2897 942 2957 et
956 2894 997 2957 ab
1013 2898 1190 2957 10111111-

197 2976 289 3118 {altae
319 2973 483 3054 expolitae
514 2975 582 3041 sint
611 2994 649 3040 11
678 2980 853 3057 propterea
882 2974 1044 3055 resipiant
1079 2974 1191 3040 stilum

238 3055 394 3121 antinum.

113 3134 222 3200 Serrai
237 3153 393 3204 comment.
415 3139 449 3202 c'u
474 3139 561 3226 Very.
583 3134 714 3202 decrerit.
735 3139 805 3223 pud
828 3163 854 3202 1.
863 3138 911 3200 'ld
926 3163 1008 3223 seqq.
1025 3139 1074 3202 ed.
1093 3139 1172 3202 llil.
1180 3165 1190 3203 .·

197 3221 245 3285 De
267 3239 400 3287 numero
426 3221 583 3287 librorum
604 3222 696 3288 nulla
719 3222 772 3286 1111
801 3220 949 3302 quaestio
972 3227 1030 3299 est,
1058 3221 1137 3286 licet
1156 3221 1191 3286 in

195 3302 269 3367 aliis
290 3303 479 3369 inveniatur
500 3305 702 3385 auctoribus,
724 3324 799 3369 nam
820 3304 976 3368 Plautum
998 3303 1055 3368 alii
1077 3303 1191 3369 dicunt

197 3403 294 3532 ulnam
320 3392 353 3450 et
378 3385 498 3470 viginti
524 3388 654 3453 fabulas
680 3387 859 3468 scripsisse,
880 3386 938 3451 alii
960 3387 1190 3470 quadraginta,

196 3466 251 3532 1“’
275 3473 412 3534 centum.

117 3549 362 3627 121111111111.
385 3566 499 3617 orator.
520 3554 563 3630 X,
587 3555 614 3627 1,
638 3553 697 3615 99:
725 3551 819 3617 Licet
840 3552 947 3617 Varro
969 3553 1081 3616 Musas
1103 3551 1190 3615 Aelii

196 3632 331 3698 Stilonis
361 3635 525 3700 sententia
550 3634 704 3700 Plautino
734 3634 823 3699 dicat
849 3652 996 3698 sermone
1022 3634 1189 3699 locuturas

198 3715 308 3793 fuisse,
330 3715 358 3781 si
381 3717 483 3782 latine
505 3718 592 3798 loqui
614 3718 738 3785 vellent
760 3736 786 3782 e.
809 3736 837 3796 q.
859 3735 883 3782 s.

183 3967 209 4030 *l
228 3968 270 4020 est
288 3967 398 4020 deserta
416 3965 481 4019 libri
499 3965 625 4026 Gellioni,
644 3981 715 4022 corr.
734 3966 825 4021 Orelli.

170 4034 210 4100 **)
228 4050 277 4088 eae
296 4050 346 4087 om.
365 4035 442 4105 libri;
461 4035 524 4089 odd.
543 4033 636 4086 Hertz.
