2752 4546
118 337 769 413 11‚6‚12‡-14.7,1-8;8‚1-1aAVLVLARIA
1167 343 1204 402 19

120 514 197 578 Nos
220 514 350 577 nostras
372 509 462 575 aedis
483 507 630 589 postulas
652 503 861 570 combrirero?

127 596 206 660 Con.
230 593 328 659 Haud
349 593 487 673 postulo.
526 592 587 655 Str.
611 589 684 653 Duc
705 588 785 651 istos
806 586 901 650 intro.
928 586 995 650 Sto.
1019 584 1203 665 Sequimini.

124 779 190 842 Str.
214 777 261 840 At
283 794 343 857 ego
365 774 555 839 interuisam
579 771 702 858 [nostri]
726 770 803 851 quid
823 768 947 833 faciant
968 768 1073 848 coqui:
1128 769 1163 832 H
1185 774 1203 831 7

126 860 219 942 Quos
240 858 295 938 pol
316 862 353 922 ut
375 876 434 940 ego
455 857 550 921 hodie
572 856 705 933 struem,
728 873 807 918 cura
828 856 1015 917 maxumast.

124 941 201 1006 Nisi
223 943 323 1005 uinum
344 941 405 1004 hoc
426 939 553 1021 faciam,
575 939 667 1002 utin
689 943 786 1016 puteo
810 939 921 1000 cenam
943 939 1094 1013 coquant:
1220 948 1271 1002 365

123 1025 209 1090 Inde
231 1026 356 1089 coctam
379 1041 506 1087 sursum
526 1021 740 1085 subducemus
762 1018 913 1083 corbulis.

125 1107 162 1172 Si
186 1107 294 1171 autem
316 1105 487 1170 devorsum
509 1104 683 1180 comedent,
706 1103 733 1166 si
756 1101 833 1180 quid
854 1100 1009 1177 coxerint,

124 1188 246 1270 Superi
268 1188 412 1252 incenati
434 1190 511 1252 simt
533 1193 566 1250 et
588 1185 696 1249 cenati
718 1184 823 1247 inferi.

124 1272 191 1337 Sed
213 1273 315 1336 uerba
336 1270 389 1335 hic
410 1270 504 1348 facio,
525 1268 618 1349 quasi
639 1267 750 1349 negoti
772 1267 819 1330 nil
840 1268 910 1344 sict,

123 1352 368 1435 Rapacidarum
390 1353 445 1418 ubi
467 1356 594 1417 tantum
616 1351 715 1415 sitin
737 1350 878 1415 aedibus.
1220 1371 1271 1424 370

461 1559 631 1614 nocuo,
675 1557 869 1612 concino
1044 1574 1047 1579 >
1126 1549 1201 1616 118

120 1667 207 1731 Ειιο.
229 1667 322 1732 Volui
344 1667 485 1732 animum
506 1669 637 1732 tandem
660 1667 849 1731 confirmare
870 1664 964 1728 hodie
985 1682 1097 1743 meum,

119 1751 172 1814 Vt
194 1751 274 1814 bene
293 1770 344 1814 me
365 1751 518 1814 haberem
540 1750 625 1815 filiai
646 1749 780 1830 nuptiis.

119 1832 229 1897 Venio
251 1834 292 1897 rid
314 1833 491 1911 macellum,
512 1833 618 1915 rogito
641 1833 759 1913 pisces:
782 1830 928 1896 indicant

120 1915 240 1980 Oaros:
264 1914 418 1998 agninam
440 1917 555 1993 cairam,
578 1936 687 1981 caram
710 1915 872 1989 bibulam,

119 1997 312 2077 Vitulinam
335 2002 450 2073 cetum,
473 1999 647 2078 porcinam,
670 2018 746 2063 cara
768 1997 888 2061 omnia:

119 2083 233 2161 Atque
255 2083 292 2144 eo
313 2080 447 2145 fuerunt
467 2081 602 2160 cariora,
623 2100 680 2145 aes
702 2085 766 2145 non
790 2085 868 2144 erat.

118 2164 214 2229 Abeo
236 2163 318 2227 illim
339 2163 452 2238 iratus,
475 2165 627 2242 quoniam
648 2163 704 2244 qui
726 2182 829 2226 emam
850 2162 896 2225 nil
918 2161 1045 2227 mihist.

118 2246 175 2310 lta
198 2245 265 2309 illis
286 2245 421 2325 impuris
444 2247 590 2312 omnibus
613 2247 679 2311 adii
700 2265 838 2311 manum.

116 2328 248 2393 Deinde
270 2330 396 2410 egomet
418 2347 541 2393 mecum
566 2330 712 2411 cogitare
734 2329 821 2394 inter
843 2326 915 2392 nias

120 2409 256 2491 Occepi:
277 2409 361 2474 festo
384 2412 434 2476 die'
457 2411 485 2474 si
508 2412 584 2490 quid
607 2411 804 2493 prodegeris,

119 2493 274 2559 Profesto
296 2512 392 2575 cgere
414 2494 520 2571 liceat,
543 2495 606 2558 nisi
628 2495 656 2559 si
677 2494 831 2575 parseris.

118 2576 301 2655 Postquam
322 2577 406 2640 hanc
428 2576 586 2641 rationem
609 2576 717 2641 uentri
739 2575 890 2653 cordique
912 2574 1005 2653 tuidi,

118 2658 272 2723 Accessit
292 2657 417 2723 animus
440 2660 481 2722 ad
503 2679 607 2724 meam
628 2659 833 2735 sententiam,

119 2741 228 2822 Quam
249 2742 388 2805 minumo
411 2746 541 2821 sumptu
562 2740 666 2808 filiam
688 2746 725 2807 ut
746 2742 883 2821 nuptum
904 2740 1022 2804 darem.

116 2823 216 2887 Nunc
237 2823 398 2888 tiscnlum
422 2825 483 2888 emi
506 2829 539 2888 et
560 2827 620 2890 has
642 2843 777 2891 coronas
798 2823 927 2888 floreas:

116 2906 214 2970 Haec
235 2907 440 2987 imponentur
462 2909 495 2970 in
513 2907 583 2971 foco
606 2911 717 2973 nostro
739 2907 828 2984 Lari,

116 2988 166 3053 Vt
187 2987 374 3053 fortunatas
396 2989 499 3053 friciat
519 2996 639 3072 gnatae
661 2990 800 3070 miptias.

117 3070 185 3138 Sed
207 3071 284 3151 quid
305 3090 364 3153 ego
386 3079 519 3152 apertas
541 3073 631 3137 aedis
653 3077 782 3136 nostras
804 3071 995 3151 conspicor?

187 3237 238 3291 363
251 3255 311 3305 sqq.
331 3239 475 3305 Pythodice
487 3240 611 3290 tribuunt
620 3240 694 3304 aori,-
705 3242 796 3305 dequo
808 3240 859 3302 cfr.
874 3239 1073 3305 Goetziipraef.
1082 3256 1111 3304 p.
1129 3238 1202 3290 VIII

115 3311 142 3356 et
159 3303 296 3357 Daiatzlco
313 3323 382 3359 mres.
400 3307 485 3359 Rhea.
504 3308 546 3372 37,
560 3309 612 3358 267
618 3331 628 3374 ‚·
647 3324 706 3359 cam
724 3313 814 3359 autem
831 3314 933 3359 certam
950 3309 994 3373 sit,
1012 3308 1125 3359 eundem
1137 3324 1195 3359 ser-

114 3389 181 3423 vum
197 3373 240 3425 bic
258 3374 340 3440 loqui,
357 3390 433 3440 quem
452 3380 540 3434 antea!
559 3381 608 3426 aut
625 3377 655 3425 in
667 3376 855 3440 superioribas
867 3392 965 3427 nomen
975 3375 1115 3442 Pprbodiei
1126 3378 1195 3428 scri·

115 3440 233 3492 bendum
251 3447 297 3505 cst,
315 3443 387 3508 quod
402 3442 467 3506 fecit
483 3442 546 3505 Leo,
564 3449 613 3494 out
633 3445 664 3494 in
683 3443 734 3494 liae
756 3459 855 3495 scaena
867 3443 979 3495 Strobili
1000 3445 1194 3509 reponendum.

115 3508 175 3562 363.
201 3508 240 3561 At
248 3525 300 3577 ego
311 3509 475 3562 intervisam
492 3510 582 3562 nostri
595 3512 750 3562 dubitanter
762 3526 824 3575 εφη
836 3509 951 3564 Curate:
967 3526 1018 3578 ego
1030 3511 1194 3565 intervisam

116 3575 197 3642 lubra}
223 3575 301 3629 intus
320 3576 417 3639 visam,
437 3579 507 3644 quod
524 3580 634 3643 scripsit
651 3578 713 3641 Leo,
739 3593 795 3629 noa
818 3580 886 3628 satis
903 3585 941 3630 est
959 3581 996 3630 od
1013 3581 1121 3631 dociam
1139 3579 1195 3628 Me-

112 3644 216 3710 qadori
231 3645 447 3710 siqnificondam.
502 3646 559 3698 367.
579 3647 725 3698 devorsum
744 3661 806 3706 eqo;
824 3644 953 3698 deorsum
966 3646 1045 3708 liora
1062 3646 1113 3709 cfr.
1128 3645 1193 3696 alio·

114 3725 228 3764 vorsum
246 3711 456 3769 dextrovorsum
467 3728 623 3779 provorsus.
670 3714 729 3766 aba.
749 3711 803 3765 Sed
817 3712 933 3774 Graiam
951 3712 980 3764 si
992 3713 1049 3765 ΒΙ).
1084 3713 1142 3766 370.
1156 3712 1193 3765 sit

116 3777 229 3842 Goeller,
248 3779 302 3832 siet
319 3780 390 3832 libri.
443 3781 500 3833 372.
518 3797 562 3832 mc
582 3781 715 3834 haberem
727 3780 862 3847 Scaliper5
881 3780 1013 3834 haberem
1025 3797 1069 3835 me
1081 3780 1130 3841 B²;
1143 3779 1192 3832 ha-

114 3844 211 3899 berem
229 3846 317 3901 BlDJ.
336 3847 404 3900 filiai
428 3849 565 3913 Serapem
588 3848 662 3902 filiae
680 3850 751 3901 libras.
810 3850 866 3901 aii.
884 3846 960 3901 illim
983 3848 1070 3902 iratus
1091 3848 1194 3909 Botlze;

115 3913 204 3967 iratus
221 3913 301 3967 illinc
319 3916 390 3968 libri.
433 3915 482 3982 qui
500 3933 590 3969 emam
607 3917 647 3969 nil
666 3917 763 3969 mihist
781 3933 842 3982 epa·
871 3915 942 3969 nihil
968 3919 1011 3970 est
1034 3916 1083 3983 qui
1101 3931 1192 3970 emam

116 3981 186 4034 labri.
240 3982 297 4034 381.
316 3983 339 4035 si
357 3984 476 4051 parseris
488 3985 630 4036 Abrabam
642 3986 711 4037 stad.
725 3985 815 4037 Plorat.
824 4002 854 4050 p.
868 3987 934 4046 214;
951 3983 1106 4052 peperceris
1120 3984 1192 4036 libri.

116 4049 173 4103 385.
192 4048 244 4102 has
271 4049 368 4117 Weise,·
386 4051 468 4104 hasce
487 4052 559 4122 libri.
