2752 4546
503 1212 818 1290 PROLOGVS

472 1471 562 1525 LAR
583 1473 844 1530 FAMILIARIS

118 1619 169 1683 Ne
189 1617 261 1696 quis
282 1614 419 1678 miretur
441 1614 496 1693 qui
518 1613 586 1690 sim,
606 1621 719 1695 paucis
741 1616 881 1697 eloquar.

120 1701 192 1783 Ego
213 1700 281 1763 Lar
301 1715 371 1760 sum
392 1694 564 1760 familiaris
585 1715 626 1760 ex
647 1699 709 1762 hac
729 1698 854 1765 familia

118 1782 211 1848 Vnde
232 1783 403 1845 exeuntem
424 1797 475 1842 mc
497 1778 680 1859 aspexistis.
723 1782 807 1848 hanc
829 1783 958 1847 domum

119 1867 190 1930 Iam
211 1862 329 1927 mhltos
351 1878 453 1926 annos
475 1864 526 1925 est
547 1880 641 1942 quom
661 1864 811 1944 possideo
832 1869 866 1930 et
888 1866 956 1930 colo

497 1973 515 2005 ii
560 1974 578 2006 ii·
624 1974 641 2006 ii·
686 1976 703 2008 ii·
749 1978 767 2010 ii·
814 1977 831 2011 it

118 2029 278 2108 Patrique
299 2045 424 2106 auoque
445 2025 510 2090 iam
531 2027 628 2092 hdius
650 2029 706 2107 qui
727 2049 813 2096 nunc
834 2032 887 2096 hic
908 2031 1017 2095 habet.
1176 2047 1191 2096 o

120 2113 184 2178 Sed
205 2108 284 2175 mihi
306 2127 384 2175 auos
405 2107 502 2173 huius
524 2112 699 2189 opsecrans
721 2112 920 2177 concredidit

118 2195 202 2261 Auri
222 2194 435 2258 thensaurum
457 2191 540 2256 clam
562 2192 677 2258 omnis:
701 2194 735 2259 in
756 2195 859 2260 medie
881 2195 952 2260 foco

118 2275 253 2344 Dei'edit
274 2292 434 2340 uenerans
456 2277 515 2353 me,
538 2280 576 2339 ut
597 2275 632 2340 id
653 2281 818 2343 seruarem
839 2278 910 2344 sibi.

117 2362 153 2425 Is
174 2357 326 2440 queniam
346 2355 493 2436 moritur,
514 2358 563 2421 ita
584 2358 680 2424 auido
702 2360 832 2443 ingenie
853 2359 926 2439 fuit,

116 2444 300 2521 Numquam
321 2437 465 2533 indicare
487 2438 521 2502 id
542 2439 611 2504 fflio
634 2441 739 2506 uoluit
760 2462 831 2507 suo:

116 2526 313 2606 Inopemque
335 2525 463 2603 optamt
484 2521 592 2602 petius
615 2542 687 2588 eum
707 2525 892 2605 relinquere

119 2609 224 2690 Quam
245 2607 318 2670 oiim
338 2605 550 2669 thensaurum
573 2607 818 2672 commostraret
838 2606 916 2671 filio.

117 2690 202 2773 Agri
222 2686 356 2767 reliquit
377 2685 407 2750 ei
428 2704 493 2751 non
514 2689 665 2769 magnem
686 2689 822 2766 modum,

118 2774 189 2855 Quo
211 2773 283 2837 cum
304 2769 416 2834 laboro
437 2772 554 2851 magno
577 2774 610 2834 et
631 2771 747 2837 misere
769 2773 905 2838 uiueret.

117 2855 183 2920 Vbi
204 2853 233 2919 is
255 2852 335 2918 ebiit
356 2856 492 2916 mortem
513 2854 568 2932 qui
589 2853 632 2917 mi
654 2853 688 2918 id
711 2874 827 2921 aurum
849 2854 995 2934 credidit,
1157 2870 1191 2921 15

118 2936 218 3018 Coepi
239 2937 423 3012 obseruare,
445 2936 537 3014 coqui
559 2936 712 3001 maiorem
733 2938 823 3004 iilius

117 3020 200 3086 Mihi
221 3019 374 3083 honorem
395 3017 533 3082 haberet
556 3037 652 3098 quam
674 3020 743 3085 eius
764 3021 933 3086 habuisset
953 3025 1057 3100 pater.

117 3105 226 3183 Atque
248 3099 303 3164 illo
325 3118 403 3165 uero
421 3101 526 3164 minus
547 3101 717 3182 minusque
736 3102 897 3185 impendio

119 3187 242 3252 Curare
263 3183 433 3262 minusque
454 3201 504 3247 me
526 3185 693 3265 impertire
715 3186 899 3252 honeribus.

117 3270 203 3334 Item
224 3267 242 3332 a
263 3285 313 3331 me
335 3269 450 3330 contra
470 3265 638 3331 factumst:
661 3287 737 3333 nam
758 3269 836 3334 item
855 3268 937 3333 obiit
958 3265 1042 3331 diem
1158 3282 1192 3334 20

462 3377 480 3409 ii
525 3379 542 3411 ii·
587 3379 605 3412 ii·
650 3379 667 3413 ie
712 3381 729 3413 ii
774 3381 792 3413 ii
836 3383 854 3415 ii·

116 3435 152 3498 Is
174 3452 215 3497 ex
236 3450 271 3496 se
292 3431 378 3495 himo
399 3430 533 3511 reliquit
554 3431 609 3511 qui
630 3432 683 3497 hic
704 3453 790 3498 nunc
811 3434 941 3499 habitat
961 3431 1066 3496 tilium

116 3515 249 3601 Pariter
268 3518 437 3593 moratum,
459 3519 496 3579 ut
517 3517 612 3595 peter
633 3534 775 3595 auosque
796 3517 892 3581 huids
914 3515 985 3580 fuit.

188 3734 211 3785 5.
232 3735 294 3781 ante
316 3729 386 3780 hunc
408 3747 516 3784 casum
533 3732 666 3784 nonnulla
685 3732 852 3790 exciderunt,
874 3744 960 3796 quare
977 3729 1081 3791 factum
1099 3733 1145 3793 cst,
1162 3734 1192 3778 ct

117 3799 283 3852 constructio
312 3799 457 3850 sentcntiae
486 3801 521 3851 sit
550 3800 662 3851 turbata
685 3806 709 3850 et
735 3814 833 3851 nomen
854 3796 996 3848 Euclionis
1018 3795 1192 3848 desideretur.

140 3867 252 3936 aerique
278 3867 382 3931 Aldus;
408 3867 484 3935 patri
509 3868 582 3919 iibri.
632 3870 655 3919 7.
685 3866 755 3919 Auri
784 3866 966 3918 thensaurum
998 3861 1191 3939 Ooonerarius5

118 3884 292 3989 &hessorum
310 3934 371 3987 suri
388 3934 460 3987 iibri.
509 3936 549 3989 16.
568 3934 650 4002 ecqui
669 3935 845 3995 Gulielmium
871 3931 1051 3999 aequilibri.
1087 3931 1128 3984 20.
1147 3929 1192 3983 dre

117 4004 198 4071 iiori;
211 4011 275 4071 post
292 4004 363 4055 hunc
381 4019 488 4056 versum
506 4004 640 4055 nonnullo
658 4004 823 4054 exciderunt.
