2752 4546
198 333 237 392 42
530 323 754 378 TESTIMONIA
771 319 948 376 VETERUM
1003 361 1005 365 ,

204 491 332 554 Noniae
347 516 382 574 p.
403 491 490 553 374:
521 491 627 555 Varro
654 490 868 555 Parmenone:
909 486 1096 568 inquibus
1125 487 1280 567 partibus

284 573 317 637 in
346 572 548 656 argumentis
578 571 739 638 Caecilius
769 570 874 652 poscit
909 570 1057 651 palmam,
1083 569 1118 635 in
1147 570 1278 637 athesin

280 655 523 734 Terentius,·in
545 656 747 721 sermonibus
767 654 915 719 Plautus.

204 755 265 820 Cb'c.
289 752 327 817 de
342 755 392 838 off.
408 755 437 830 I,
454 755 536 818 104:
557 754 687 834 Duplex
699 751 826 818 omnino
841 756 892 817 est
904 751 1033 817 iocandi
1047 770 1160 835 genus,
1176 771 1279 820 unum

279 836 441 902 illiberale
462 837 615 918 petulans
636 835 833 932 flagitiosum
855 837 1036 913 obscenum,
1055 835 1195 901 alterum
1214 837 1279 902 ele-

282 937 364 1001 gans
392 920 554 985 urbanum
582 919 785 1002 ingemosum
813 917 963 997 facetum,
985 936 1047 997 quo
1069 919 1190 1001 g'enere
1210 937 1278 984 non

281 1002 373 1067 modo
394 1003 534 1068 Plautus
556 1008 668 1068 noster
690 1007 724 1067 et
744 1000 930 1066 Atticorum
950 1000 1086 1080 antiqua
1101 1001 1279 1088 comoedia,

180 1118 182 1129 ·
280 1084 337 1149 sed
366 1084 465 1150 etiam
486 1085 751 1166 pbilosophorum
773 1083 1012 1149 Socraticorum
1047 1083 1124 1148 libri
1159 1083 1277 1150 referti

278 1172 362 1232 sunt.

196 1266 276 1331 Hor.
299 1291 314 1329 e
338 1318 344 1331 .
366 1268 417 1344 Π,
440 1271 468 1342 1,
490 1268 553 1331 58:

282 1290 437 1432 (liicitur)
457 1349 598 1415 Plautus
620 1349 662 1413 ad
684 1348 849 1430 exemplar
872 1347 973 1413 Siculi
994 1366 1172 1429 properare

532 1431 730 1512 Epicharmi.

199 1529 277 1593 Hor.
299 1553 346 1614 ep.
369 1531 418 1607 II,
441 1531 552 1608 1,170
572 1555 671 1615 seqqs

745 1614 888 1694 Adspice
909 1613 1050 1678 Plautus

234 1693 309 1841 Ι(1110
330 1699 427 1775 pacto
448 1700 561 1776 partes
582 1701 710 1762 tutetur
731 1696 873 1761 amantis
893 1696 1017 1777 ephebi,

265 1782 280 1840 t
301 1777 406 1857 patris
428 1778 558 1858 attenti,
579 1779 705 1844 lenonis
726 1783 764 1844 ut
784 1777 942 1857 insidiosi,

238 1859 388 1941 Quantus
411 1859 455 1924 sit
475 1861 664 1927 Dossennus
686 1860 841 1926 edacibus
861 1862 896 1926 in
917 1860 1083 1943 parasitis,

240 1942 344 2023 Quam
366 1961 431 2007 non
453 1942 612 2008 adstricto
634 1949 807 2025 percurrat
828 1944 957 2025 pulpita
981 1962 1084 2009 socco:

238 2023 349 2089 Gestit
371 2024 456 2090 enim
475 2045 639 2092 nummum
660 2026 694 2091 in
715 2026 838 2091 loculos
859 2027 1038 2106 demittere,
1060 2028 1217 2108 posthoc

236 2106 378 2173 securus
400 2109 498 2174 cadat
520 2127 562 2174 an
576 2114 667 2174 recto
689 2114 756 2175 stet
777 2109 891 2175 fabula
912 2110 988 2175 talo.

195 2215 274 2280 Hor.
296 2217 377 2278 artos
392 2230 475 2311 poet.
496 2216 565 2278 270
585 2240 684 2362 soffia
726 2298 732 2311 .

291 2299 338 2361 At
359 2302 464 2363 vestm
486 2315 600 2379 proav1
663 2304 794 2363 autmos
816 2303 850 2364 et
869 2316 1019 2364 numeros
1042 2304 1076 2365 et

294 2378 488 2446 Laudavere
508 2380 604 2460 sales,
624 2380 758 2445 nimium
780 2381 946 2462 patienter
967 2387 1142 2463 utrumque

292 2461 341 2526 Ne
364 2461 470 2528 dicam
491 2462 601 2543 stulte,
622 2463 741 2542 mirati,
763 2463 791 2529 si
813 2464 906 2529 modo
928 2482 987 2546 ego
1009 2469 1043 2529 et
1063 2483 1121 2532 vos

292 2543 417 2611 Scimus
438 2544 634 2612 inurbanum
655 2546 763 2629 lepido
785 2565 941 2628 seponere
962 2546 1049 2612 dicto

294 2627 557 2711 Legitimumque
579 2646 692 2694 sonum
713 2629 827 2713 digitis
849 2629 1003 2695 callemus
1025 2634 1059 2695 et
1079 2649 1167 2697 aure.

195 2734 271 2801 Geli.
292 2748 368 2799 boec.
390 2733 487 2800 Accio
510 2735 564 2815 VI,
580 2738 631 2810 17,
646 2736 685 2799 4.·
708 2736 848 2802 Plautus
862 2774 902 2782 —
917 2737 1011 2802 bomo
1025 2735 1157 2819 linguae
1173 2744 1275 2820 atquc

278 2817 461 2900 elegantiae
484 2818 518 2882 in
539 2818 651 2883 verbis
674 2818 811 2883 Latinae
829 2818 989 2900 princeps

193 2924 297 3008 Apoll.
317 2922 425 2988 Sc'oloa.
448 2924 585 2999 XXIII,
609 2924 674 2987 145
694 2916 792 3009 aeqqss:

404 3004 490 3088 Quid
510 3025 569 3073 vos
591 3007 710 3087 eloquii
732 3027 845 3074 canam
866 3007 980 3074 Latini

405 3089 549 3170 Arpinas
570 3090 732 3157 Patavina
753 3092 933 3157 Mantuanc

403 3173 449 3236 Et
469 3177 502 3236 te
524 3172 654 3252 comica,
677 3173 732 3253 qui
754 3174 858 3254 doces
879 3175 1013 3240 Terenti

406 3254 453 3320 Et
474 3260 516 3333 te,
537 3259 683 3336 tempore
705 3255 759 3335 qui
781 3261 874 3321 satus
896 3274 1018 3335 severo,

405 3337 531 3415 Graios
552 3337 681 3418 Plaute,
703 3338 788 3404 sales
809 3339 919 3420 lepore
941 3338 1092 3404 transis?

198 3434 274 3499 Gall.
297 3449 375 3499 noct.
396 3436 492 3499 Attio.
507 3437 581 3512 XV,
596 3437 658 3499 21.Ι
681 3436 756 3501 Sodi
779 3441 846 3503 itus
861 3439 894 3503 in
912 3437 1005 3518 libro,
1027 3457 1121 3518 quem
1137 3439 1272 3520 scripsit

277 3517 317 3582 de
338 3518 454 3599 poetis,
476 3517 553 3598 quid
574 3519 615 3584 de
636 3519 688 3584 bis
703 3460 826 3586 seniiat
841 3521 897 3602 qui
911 3520 1093 3586 comoedias
1110 3522 1269 3598 fecerunt,

277 3605 310 3666 et
332 3620 426 3681 quem
448 3620 488 3666 ex
511 3601 658 3667 omnibus
679 3609 849 3683 praestare
872 3604 990 3669 ceteris
1011 3607 1106 3684 putet
1127 3621 1167 3667 ac
1181 3604 1270 3670 (lein-

276 3701 351 3763 ceps
373 3702 434 3763 quo
457 3703 615 3764 quemque
635 3683 670 3749 in
691 3685 761 3750 loco
783 3691 816 3751 et
837 3687 958 3752 honore
972 3689 1080 3767 ponat,
1101 3685 1153 3749 his
1167 3688 1272 3751 versi-

273 3766 334 3830 bus
357 3766 424 3830 suis
446 3766 658 3832 demonstrat:

318 3848 439 3913 Multos
461 3848 603 3914 incertos
626 3853 753 3915 certare
774 3851 859 3917 hanc
879 3869 947 3915 rem
968 3848 1109 3916 vidimus

320 3931 466 3995 Palmam
487 3938 604 4013 poetae
623 3933 742 3998 comico
765 3933 817 3999 cui
838 3933 995 3998 deferant.

194 4065 196 4070 .
316 4014 399 4077 Eum
422 4013 632 4080 meoiudicio
654 4019 797 4081 errbrem
819 4015 995 4083 dissolvam
1016 4015 1078 4081 tibi
