2752 4546
172 347 191 405 6
1051 337 1123 392 Pron
1141 339 1245 395 23-39

170 503 256 569 Huic
277 504 351 569 filia
371 508 481 567 unast:
504 506 542 568 ea
563 503 642 567 mihi
665 502 782 566 cotidie

169 589 239 651 Aut
260 589 334 651 ture
356 590 414 650 aut
436 585 511 650 uino
534 594 593 651 aut
614 585 715 665 aliqui
737 604 863 666 semper
885 586 1066 668 supplicat:

119 674 152 726 25
169 669 237 734 Dat
257 668 336 733 mihi
357 686 500 733 coronas.
543 670 612 733 eius
634 667 764 732 honoris
785 669 896 749 gratia

170 751 257 829 Feci,
277 752 489 815 thensaurum
511 757 548 815 ut
569 752 622 815 hic
642 750 803 831 reperiret
822 751 946 831 Euclio,

169 833 240 915 Quo
261 833 351 897 illam
372 831 503 898 facilius
523 835 667 913 nuptum,
692 833 720 897 si
742 833 850 907 uellet,
873 835 975 899 daret.

168 916 250 980 Eam
273 915 463 996 compressit
484 915 524 979 de
546 934 667 980 summo
690 915 879 980 adulescens
900 917 979 982 loco.

166 999 201 1062 Is
223 1000 286 1064 scit
306 998 496 1063 adulescens
518 997 675 1078 quaesit,
697 1017 793 1078 quam
815 999 1053 1080 compresserit:

116 1083 150 1136 30
166 1081 229 1146 Illa
250 1080 341 1145 illum
362 1081 468 1146 nescit
488 1084 591 1160 neque
613 1099 827 1161 compressam
849 1085 957 1147 autem
979 1088 1081 1164 pater.

43 1183 45 1188 ·
166 1164 250 1228 Eam
271 1182 331 1245 ego
352 1163 449 1228 hodie
469 1163 587 1228 faciam
610 1169 647 1228 ut
668 1164 721 1228 hic
743 1182 843 1227 senex
864 1164 904 1229 de
926 1168 1082 1246 proxumo

166 1245 237 1311 Sibi
257 1248 391 1310 uxorem
411 1252 532 1326 poscat.
575 1246 609 1310 id
631 1265 669 1311 ea
690 1245 807 1311 faciam
829 1247 947 1328 gratia,

165 1328 236 1410 Quo
258 1328 315 1393 ille
339 1332 409 1394 eam
431 1328 561 1392 facilius
584 1329 683 1392 dicat
704 1328 760 1408 qui
782 1332 1025 1409 compresserat.

165 1411 211 1474 Et
232 1411 285 1476 hic
307 1410 363 1490 qui
384 1415 496 1491 poscet
517 1415 587 1475 eam
608 1410 670 1475 sibi
692 1413 824 1475 uxorem
846 1430 954 1491 senen,

115 1493 148 1546 35
165 1498 198 1557 Is
219 1493 437 1559 adulescentis
459 1492 546 1557 illius
569 1497 619 1557 est
633 1492 819 1573 auunculus,

169 1576 236 1652 Qui
252 1576 338 1639 c'llcion
358 1577 521 1660 staprouo't
541 1576 644 1653 nocta,
671 1576 793 1640 Oerero's
815 1576 944 1662 aiyc'la'cls.

165 1657 228 1722 Sed
248 1659 302 1723 hic
324 1677 423 1723 senex
443 1659 509 1723 iam
530 1659 649 1723 clamat
670 1658 760 1723 intus
782 1660 819 1723 uit
841 1659 931 1723 solet.

163 1742 271 1805 Anum
292 1740 382 1806 foras
405 1740 559 1820 extrudit,
583 1760 623 1805 ue
645 1741 688 1805 sit
710 1741 847 1806 conscia.

163 1822 266 1887 Credo
289 1825 403 1888 adrum
424 1823 584 1903 inspicere
606 1825 684 1900 uolt,
706 1842 746 1887 uo
767 1826 955 1903 surruptum
977 1823 1049 1889 siet.

231 1989 271 2041 28.
290 1986 360 2042 Eam
378 1990 542 2058 compressit
560 2007 622 2058 ³905
640 1989 713 2044 Nam
726 1990 888 2060 compressit
900 2006 962 2045 eam
975 1991 1046 2046 libri.
1082 1995 1123 2048 36.
1141 2010 1238 2048 versus

163 2072 218 2109 non
237 2055 392 2124 Plautinus,
411 2058 462 2122 cfr.
480 2057 562 2126 synod.
580 2073 639 2110 maa
657 2057 790 2111 Plautina
804 2076 833 2125 p.
854 2060 903 2113 19o·
921 2066 945 2111 et
962 2060 1054 2112 studia
1071 2078 1097 2128 p.
1117 2062 1176 2115 247.
