2752 4546
211 334 231 397 3
702 324 836 378 Panum
951 326 973 387 1,
991 328 1015 391 1,
1034 326 1143 379 25-39.
1161 327 1185 387 a,
1204 328 1290 382 1-19

212 494 303 640 Quae
325 493 359 557 in
381 492 531 573 occipitio
553 495 678 572 queque
699 494 800 558 habet
821 493 930 558 oeulos
951 496 1110 574 pessuma.

161 589 193 639 os
246 595 308 641 uno
329 578 381 641 ibo
404 580 441 640 ut
462 575 575 650 uisam,
598 577 683 640 sitne
704 576 752 640 ita
774 595 888 640 aurum
909 581 947 640 ιιι
968 575 1104 653 condidi,

213 658 307 740 Quod
327 661 378 722 me
400 657 557 723 sollicitat
577 657 735 738 pliuumis
752 657 904 722 miserum
925 657 1034 722 modis.
1127 673 1128 676 ’

212 741 278 806 Sto.
300 741 448 806 Noem'um
468 744 629 804 mecastor
651 740 728 820 quid
750 758 809 822 ego
831 759 885 804 ero
907 741 1011 804 dioem
1032 759 1102 804 meo

210 824 318 889 Malae
338 823 388 888 rei
410 824 557 887 euenisse
579 841 716 902 quamue
737 822 904 896 insaniam,

214 906 304 988 Queo
327 905 535 973 comminisci:
558 907 606 969 ita
626 924 677 970 me
698 904 848 969 miseram
870 905 912 969 ad
932 907 1019 969 huno
1039 905 1167 969 modum

162 988 194 1042 70
212 988 329 1054 Deoies
350 988 402 1053 die
424 1007 486 1052 uno
509 991 606 1069 saepe
628 987 774 1052 extrudit
795 987 938 1053 aedibus,

211 1071 325 1136 Nescio
347 1071 401 1151 pol
423 1089 506 1150 quae
527 1070 628 1135 illuno
649 1070 808 1134 hominem
829 1069 1040 1151 intemperiae
1061 1075 1188 1135 tenent:

211 1153 396 1236 Peruigilat
417 1158 529 1218 nootes
550 1156 649 1218 totas:
672 1157 741 1217 tum
763 1157 871 1217 autem
892 1151 1052 1217 interdius

210 1235 314 1382 guasi
336 1237 470 1300 oladdus
492 1240 583 1300 sutor
605 1235 689 1299 demi
712 1235 803 1299 sedet
823 1239 910 1299 totos
931 1235 1008 1300 dies.

242 1337 323 1398 eque
342 1318 407 1382 iam
429 1337 490 1398 quo
512 1323 608 1399 paeto
630 1317 729 1382 oelem
747 1316 837 1381 erilis
854 1317 945 1381 tiliae

161 1408 193 1460 75
211 1401 379 1479 Probrum
401 1400 581 1483 propinqua
601 1399 768 1480 pertitudo
791 1400 865 1479 quoi
887 1399 1022 1481 appetit,

212 1482 301 1564 Queo
324 1482 534 1548 comminisci:
557 1486 659 1561 neque
682 1482 852 1561 quiequam
874 1482 1004 1546 meliust
1025 1481 1112 1559 mihi,

211 1565 257 1630 Vt
279 1568 402 1646 opinor,
425 1585 519 1645 quam
542 1584 582 1630 ex
604 1584 654 1628 me
678 1570 715 1629 ut
736 1567 833 1630 duam
854 1564 973 1630 faciam
994 1564 1138 1629 litteram

211 1647 366 1731 Longam,
390 1647 515 1734 [meum]
535 1649 651 1730 laqueo
675 1647 792 1711 odllum
815 1648 943 1726 quando
966 1648 1181 1727 opstrinxero.

531 1905 700 1960 EUGLIO.
745 1903 973 1958 STAPHYLA
1227 1895 1245 1958 I
1267 1901 1286 1961 2

212 2046 290 2111 an
314 2046 409 2111 Nune
430 2046 598 2111 defaecato
620 2048 746 2111 demum
768 2044 874 2110 animo
896 2043 1046 2127 egredior
1067 2044 1168 2122 domo,

163 2143 197 2197 80
214 2129 391 2209 Postquam
413 2129 564 2210 perspexi
585 2130 678 2194 salua
699 2147 770 2194 esse
792 2127 880 2192 intus
903 2126 1017 2191 emnia.
1231 2135 1233 2139 '

212 2211 296 2276 Redi
317 2211 467 2277 nunciam
488 2211 575 2277 intro
598 2217 696 2292 atque
717 2213 806 2275 intus
828 2229 932 2274 serua.
967 2208 1034 2272 Sta.
1055 2208 1211 2290 Quippini

213 2295 285 2376 Ego
307 2297 396 2359 intus
418 2313 544 2358 seruum
566 2295 696 2374 nequis
718 2293 815 2357 aedes
837 2292 989 2357 adferat?

212 2376 296 2441 Nam
318 2376 371 2441 hio
394 2376 481 2457 apud
501 2395 560 2441 nos
582 2375 628 2440 nil
651 2380 701 2441 est
723 2375 812 2439 aliud
832 2375 959 2454 quaesti
980 2372 1119 2438 iuribus:

212 2459 267 2524 Ita
291 2458 410 2524 inaniis
432 2463 509 2524 sunt
531 2459 683 2540 oppletae
704 2462 802 2537 atque
824 2458 961 2523 araneis

163 2555 196 2608 85
215 2541 294 2606 Euo.
317 2541 436 2606 Mirirm
458 2541 536 2622 quin
556 2547 615 2607 tua
636 2562 687 2607 me
709 2543 808 2606 eausa
828 2540 931 2605 i'aoiat
951 2538 1101 2619 Iuppiter

213 2625 401 2706 Philippum
422 2644 532 2707 regem
554 2630 612 2690 aut
632 2626 783 2702 Dareum,
804 2622 1002 2690 triuenefioa.

214 2709 363 2773 Araneas
384 2707 463 2772 mihi
486 2711 544 2790 ego
566 2707 640 2772 illas
663 2708 788 2772 seruari
810 2705 890 2770 uolo.

214 2791 344 2871 Pauper
366 2808 445 2867 sum,
466 2789 580 2861 fateor,
604 2789 723 2870 patior:
747 2788 831 2868 quod
852 2787 886 2851 di
907 2787 987 2851 dant
1008 2786 1086 2850 fero.

215 2873 280 2937 Abi
301 2875 397 2950 intro,
420 2872 553 2937 ooolude
574 2872 717 2937 ianuam:
739 2871 804 2935 iam
827 2887 886 2952 ego
908 2870 961 2933 hio
983 2887 1046 2934 ero.

164 2963 197 3019 90
216 2955 303 3020 Oaue
325 2958 513 3035 quemquam
537 2955 678 3020 alienum
700 2953 734 3018 in
755 2951 845 3018 aedis
866 2949 1089 3017 intromiseris.

215 3036 310 3184 1guod
332 3038 492 3118 quispiam
513 3037 621 3119 ignem
643 3040 788 3117 quaerat,
810 3033 957 3117 extingui
978 3034 1059 3110 uolo,

246 3140 264 3185 e
286 3123 404 3186 causae
427 3119 504 3200 quid
526 3120 570 3186 sit
591 3121 676 3199 quod
696 3124 730 3184 te
753 3117 921 3199 quisquam
944 3115 1112 3197 quaeritet

215 3203 298 3268 Nam
319 3203 348 3268 si
368 3202 454 3286 ignis
476 3203 575 3280 uiuet,
595 3207 633 3267 tu
655 3202 846 3284 extinguere
868 3199 1060 3280 extempulo.

138 3286 141 3291 ’
216 3285 299 3350 Tum
320 3300 438 3366 aquam
459 3285 626 3367 aufugisse
648 3285 754 3362 dicito,
777 3283 806 3348 si
828 3284 899 3362 quis
920 3285 1018 3363 petet.

164 3384 198 3437 95
217 3366 374 3446 Caurum,
396 3367 543 3446 securim,
564 3367 730 3447 pistillum,
751 3364 949 3443 mortarium,

218 3449 310 3597 guae
332 3449 453 3515 utenda
474 3469 556 3514 uasa
578 3452 703 3530 semper
724 3448 823 3513 uicini
845 3451 970 3530 rogant,

248 3535 323 3596 ures
345 3531 474 3597 uenisse
496 3538 594 3612 atque
616 3531 791 3598 abstulisse
812 3529 919 3595 dicito.

285 3700 325 3754 65.
345 3699 417 3754 sitne
436 3698 567 3766 Pyladea·
584 3700 662 3752 estne
681 3699 752 3750 libri.
788 3697 828 3752 78.
846 3696 972 3786 Longam
989 3694 1133 3747 Scutarios
1138 3710 1148 3757 ;
1167 3693 1292 3771 Longum

217 3767 297 3835 lieri5
314 3783 408 3820 meum
428 3769 490 3820 add.
511 3766 703 3833 Camerarius;
725 3782 776 3817 om.
795 3766 867 3819 libri.
903 3765 943 3817 82.
963 3779 1069 3817 servem
1089 3779 1124 3816 ne
1148 3776 1211 3828 quus
1235 3776 1291 3827 epm

217 3834 346 3888 servem?
364 3851 400 3887 an
418 3835 516 3902 nequis
535 3835 616 3900 libr&
633 3834 683 3898 cfr.
702 3834 784 3901 symb.
804 3850 863 3886 mea
877 3831 968 3886 Plout.
985 3848 1014 3898 p.
1029 3832 1085 3885 123.
1120 3830 1161 3882 83.
1179 3827 1220 3881 nil
1231 3844 1294 3903 apog

217 3901 290 3955 nihil
307 3902 386 3971 libri5
412 3901 454 3956 nil
476 3904 551 3970 apud
570 3901 700 3954 Plautum
721 3918 825 3968 seraper
846 3917 909 3953 tono
934 3900 1039 3967 syllaba
1061 3899 1215 3960 dicendum,
1240 3893 1293 3945 nuh

218 3968 419 4090 nilolcguubus;
439 3971 490 4035 cfr.
506 3973 579 4025 Briso
598 3972 635 4023 ud
653 3970 712 4022 Mil.
729 3970 764 4037 pl.
783 3971 841 4023 905.
880 3969 921 4021 85.
944 3984 987 4020 me
1007 3966 1199 4025 Gomoarium·
1218 3977 1292 4013 nuno

218 4054 262 4092 me
291 4054 352 4091 ινι.
