2752 4546
426 1052 860 1129 ARGVMENTVM
889 1054 911 1127 Ι

126 1309 232 1372 Senex
254 1324 375 1372 auarus
397 1307 453 1369 uix
475 1305 536 1370 sibi
559 1307 695 1372 credens
717 1304 832 1370 Edolio

126 1391 222 1455 Domi
243 1408 322 1454 suae
344 1388 506 1452 defossam
527 1390 639 1454 multis
662 1391 734 1454 cdm
757 1387 871 1468 opibus

126 1473 246 1538 Aulam
267 1471 393 1536 inuenit
414 1473 608 1551 rursquue
629 1471 761 1552 penitus
783 1470 946 1537 conditam

127 1554 298 1637 Exanguis
320 1572 430 1619 amens
451 1557 569 1618 seruat.
613 1554 682 1618 eius
704 1553 807 1617 liliam

125 1637 311 1720 Lyconides
333 1635 477 1701 uitiarat.
521 1635 649 1701 interea
670 1654 769 1700 senex

126 1721 325 1802 Megadorus
347 1738 367 1784 a
388 1721 498 1783 sordre
521 1737 637 1783 suasus
658 1717 776 1783 ddcere

126 1804 277 1868 onrem.
291 1801 384 1867 auari
405 1804 539 1882 gnatam
556 1801 704 1880 deposcit
726 1800 795 1866 sibi.

125 1887 238 1950 Durus
260 1903 359 1949 senex
379 1883 436 1947 uix
457 1883 620 1963 promittit
642 1888 739 1963 atque
761 1883 857 1948 aulae
878 1882 996 1948 timens

127 1969 229 2033 Domd
251 1966 413 2032 sublatam
435 1966 536 2031 uariis
558 1966 723 2032 abstrudit
741 1965 830 2030 locis

126 2048 267 2115 Insidias
289 2067 400 2113 seruos
422 2048 503 2112 facit
524 2049 621 2114 huius
643 2047 820 2130 Lyconidis

127 2132 192 2215 Qui
214 2131 373 2213 uirginem
395 2131 545 2195 uitiarat:
570 2137 668 2211 atque
688 2130 759 2211 ipse
781 2132 931 2196 obsecrat

125 2215 330 2279 Audnculum
351 2213 562 2296 Megadorum
585 2213 714 2279 sibimet
736 2212 850 2278 cedere

89 2312 92 2321 ·
125 2298 266 2362 onrem
289 2297 420 2362 amanti.
463 2300 521 2376 per
543 2296 651 2361 dolum
672 2315 746 2360 mox
768 2295 883 2361 Euclio

124 2380 227 2462 Quom
248 2379 444 2460 perdidisset
465 2379 581 2458 ailam,
603 2379 768 2459 insperato
790 2379 917 2444 inuenit

122 2463 310 2542 Luctusque
330 2467 441 2527 natam
463 2462 611 2526 conlocat
631 2460 797 2543 Lyconidi.

407 2681 838 2758 ARGVMENTVM
867 2682 912 2755 H

119 2934 239 2999 Aulam
261 2953 360 2999 senex
381 2937 544 3014 repertam
565 2935 695 3016 plenam
717 2934 790 3000 auri
811 2934 926 2998 Euclio

119 3016 163 3081 Vi
184 3019 307 3082 sdmma
329 3020 442 3081 seruat
463 3017 590 3082 miseris
611 3018 759 3082 adiectus
781 3016 891 3081 modis.

119 3099 302 3181 Lyconides
323 3098 419 3163 istius
441 3099 540 3164 uitiat
560 3100 673 3164 filiam.

119 3182 197 3246 Vult
217 3182 303 3247 hanc
323 3181 520 3263 Megadorus
542 3183 723 3248 indotatam
745 3182 863 3246 ducere

118 3265 314 3344 Lubcnsque
335 3269 373 3329 ut
394 3264 496 3329 iaciat
520 3266 577 3329 dat
599 3284 716 3345 coquos
739 3284 811 3329 cum
833 3264 972 3329 obsonio.

117 3349 208 3411 Auro
229 3346 384 3412 formidat
405 3347 531 3422 Edclio,
554 3348 719 3413 abstrudit
738 3347 826 3411 foris.

118 3429 167 3493 Re
189 3429 274 3494 omni
295 3432 480 3511 inspectata
500 3430 721 3511 conpressoris
743 3429 890 3494 seruolus

117 3511 157 3576 ld
178 3511 296 3592 stirpit:
318 3513 387 3577 illic
409 3513 560 3578 Euclioni
579 3516 647 3577 rem
669 3512 779 3576 refert.

116 3596 168 3659 Ab
191 3597 228 3659 eb
251 3595 391 3661 donatur
413 3597 501 3673 auro,
523 3615 624 3660 uxore
647 3602 680 3659 et
701 3595 777 3659 lilio.

183 3832 206 3882 l.
222 3831 262 3882 sic
281 3830 362 3883 Goetz
378 3833 408 3882 in
427 3833 615 3895 adnotationa·
638 3829 733 3883 aulam
755 3832 893 3898 repertam
911 3828 972 3881 auri
983 3829 1097 3896 plenam
1114 3830 1187 3882 libri.

112 3896 229 3951 diores
248 3899 320 3951 libri.
357 3902 381 3952 l.
399 3899 558 3967 inspectata
576 3898 689 3949 Mueller
705 3914 779 3964 pros.
799 3898 840 3948 Pl.
854 3914 884 3963 p.
898 3899 958 3962 ioh
977 3897 1105 3964 inspecta
1115 3898 1186 3950 libri.

939 4063 974 4114 1*
